@inproceedings{beck1969distributive,
  title={Distributive laws},
  author={Beck, Jon},
  booktitle={Seminar on triples and categorical homology theory},
  pages={119--140},
  year={1969},
  organization={Springer}
}

@article{street1972formal,
  title={The formal theory of monads},
  author={Street, Ross},
  journal={Journal of Pure and Applied Algebra},
  volume={2},
  number={2},
  pages={149--168},
  year={1972},
  publisher={Elsevier}
}

@article{cheng2011distributive,
  title={Distributive laws for Lawvere theories},
  author={Cheng, Eugenia},
  journal={arXiv preprint arXiv:1112.3076},
  year={2011}
}

@inproceedings{kelly1974review,
  title={Review of the elements of 2-categories},
  author={Kelly, G Max and Street, Ross},
  booktitle={Category seminar},
  pages={75--103},
  year={1974},
  organization={Springer}
}

@book{pedicchio2004categorical,
  title={Categorical foundations: special topics in order, topology, algebra, and sheaf theory},
  author={Pedicchio, Maria Cristina and Tholen, Walter},
  volume={97},
  year={2004},
  publisher={Cambridge University Press}
}

@incollection{macdonald2004aspects,
  author      = {MacDonald, John and Sobral, Manuela},
  title       = {Aspects of Monads},
  editor      = {Pedicchio, Maria Cristina and Tholen, Walter},
  booktitle   = {Categorical foundations: special topics in order, topology, algebra, and sheaf theory},
  publisher   = {Cambridge University Press},
  year        = {2004},
  chapter     = {V},
}

@article{hyland2006combining,
  title={Combining effects: Sum and tensor},
  author={Hyland, Martin and Plotkin, Gordon and Power, John},
  journal={Theoretical Computer Science},
  volume={357},
  number={1},
  pages={70--99},
  year={2006},
  publisher={Elsevier}
}